@misc{pascal-chsc-2011,
       author = "Bentley, P. and Nordehn, G. and Coimbra, M. and Mannor, S.",
       title = "The {PASCAL} {C}lassifying {H}eart {S}ounds {C}hallenge 2011 {(CHSC2011)} {R}esults",
       howpublished = "http://www.peterjbentley.com/heartchallenge/index.html"}

@misc{Dangerous-Heartbeat-Dataset-(DHD), 
       url={https://www.kaggle.com/datasets/mersico/dangerous-heartbeat-dataset-dhd}, 
       abstractNote={Dataset for classifying heart abnormalities by sound ‚ù§Ô∏è‚Äçü©π}, 
       language={en} }